<record><leader>00000cas a22000007a 4500</leader><controlfield tag="001">22351688</controlfield><controlfield tag="008">900910d19051912mouwr ne      0    0eng d</controlfield><datafield ind1=" " ind2=" " tag="010"><subfield code="a">sn 90073063 </subfield></datafield><datafield ind1=" " ind2=" " tag="040"><subfield code="a">MQN</subfield><subfield code="b">eng</subfield><subfield code="c">MQN</subfield><subfield code="d">OCLCQ</subfield></datafield><datafield ind1=" " ind2=" " tag="042"><subfield code="a">msc</subfield></datafield><datafield ind1="0" ind2=" " tag="130"><subfield code="a">Dallas County republican (Urbana, Mo.)</subfield></datafield><datafield ind1="1" ind2="0" tag="245"><subfield code="a">Dallas County republican.</subfield></datafield><datafield ind1=" " ind2=" " tag="260"><subfield code="a">Urbana, Dallas County, Mo. :</subfield><subfield code="b">N.H. Franklin</subfield></datafield><datafield ind1=" " ind2=" " tag="300"><subfield code="a">v.</subfield></datafield><datafield ind1=" " ind2=" " tag="310"><subfield code="a">Weekly</subfield></datafield><datafield ind1="1" ind2=" " tag="362"><subfield code="a">Began in 1905? Ceased in 1912?</subfield></datafield><datafield ind1=" " ind2=" " tag="588"><subfield code="a">Description based on: Vol. 3, no. 27 (Apr. 1, 1908).</subfield></datafield><datafield ind1=" " ind2=" " tag="752"><subfield code="a">United States</subfield><subfield code="b">Missouri</subfield><subfield code="c">Dallas</subfield><subfield code="d">Urbana.</subfield></datafield></record>